<record><leader>00000cas a2200000 a 4500</leader><controlfield tag="001">42466953</controlfield><controlfield tag="008">990930d19uu19uucaucr ne      0    0eng c</controlfield><datafield ind1=" " ind2=" " tag="010"><subfield code="a">sn 99060897 </subfield></datafield><datafield ind1=" " ind2=" " tag="040"><subfield code="a">CNK</subfield><subfield code="b">eng</subfield><subfield code="c">CNK</subfield><subfield code="d">OCLCQ</subfield><subfield code="d">OCLCF</subfield><subfield code="d">OCLCO</subfield></datafield><datafield ind1="1" ind2=" " tag="029"><subfield code="a">AU@</subfield><subfield code="b">000025927265</subfield></datafield><datafield ind1=" " ind2=" " tag="042"><subfield code="a">pcc</subfield></datafield><datafield ind1=" " ind2=" " tag="043"><subfield code="a">n-us-ca</subfield></datafield><datafield ind1="0" ind2=" " tag="130"><subfield code="a">Ledger (Glendale, Calif. : Burbank ed.)</subfield></datafield><datafield ind1="1" ind2="4" tag="245"><subfield code="a">The ledger.</subfield></datafield><datafield ind1=" " ind2=" " tag="250"><subfield code="a">Burbank ed.</subfield></datafield><datafield ind1=" " ind2=" " tag="260"><subfield code="a">Glendale, Calif. :</subfield><subfield code="b">Ledger</subfield></datafield><datafield ind1=" " ind2=" " tag="300"><subfield code="a">v.</subfield></datafield><datafield ind1=" " ind2=" " tag="310"><subfield code="a">Semiweekly</subfield></datafield><datafield ind1=" " ind2=" " tag="500"><subfield code="a">"Continuing Glendale-Burbank Independent."</subfield></datafield><datafield ind1=" " ind2=" " tag="588"><subfield code="a">Description based on: Vol. 29, no. 76 (Feb. 8, 1978).</subfield></datafield><datafield ind1=" " ind2="0" tag="651"><subfield code="a">Burbank (Los Angeles County, Calif.)</subfield><subfield code="v">Newspapers.</subfield></datafield><datafield ind1=" " ind2="7" tag="655"><subfield code="a">Newspapers.</subfield><subfield code="2">fast</subfield><subfield code="0">(OCoLC)fst01423814</subfield></datafield><datafield ind1=" " ind2="7" tag="651"><subfield code="a">California</subfield><subfield code="z">Burbank (Los Angeles County)</subfield><subfield code="2">fast</subfield><subfield code="0">(OCoLC)fst01312054</subfield></datafield><datafield ind1=" " ind2=" " tag="752"><subfield code="a">United States</subfield><subfield code="b">California</subfield><subfield code="c">Los Angeles</subfield><subfield code="d">Glendale.</subfield></datafield><datafield ind1="0" ind2=" " tag="775"><subfield code="t">Ledger (Montrose, Calif.)</subfield><subfield code="w">(DLC)sn 99060883</subfield></datafield><datafield ind1="0" ind2=" " tag="775"><subfield code="t">Ledger (Glendale, Calif.)</subfield><subfield code="w">(DLC)sn 95061171</subfield></datafield></record>